@InCollection{IEEE802.15.4-2003,
 author = {IEEE Standard for Information Technology},
 title = {Wireless Medium Access Control (MAC) and Physical Layer (PHY) Specifications for Low-Rate Wireless Personal Area Networks (LR-WPANs)},
 booktitle = {IEEE Standard 802.15.4-2003},
 year = {2003},
 url = {http://standards.ieee.org/getieee802/download/802.15.4-2003.pdf}
}
@InProceedings{LPLandOLP,
 author = {Jorge Juan Robles | Sebasti\'an Tromer | M\'onica Quiroga | Ralf Lehnert},
 title = {Enabling Low-power Localization for Mobile Sensor Nodes},
 booktitle = {2010 International Conference on Indoor Positioning and Indoor Navigation (IPIN)},
 year = {2010}
}
